<?xml version="1.0" encoding="UTF-8"?><collection xmlns="http://www.loc.gov/MARC21/slim"><record><leader>00322nam--2200121-i-4500</leader><controlfield tag="001">000030045</controlfield><controlfield tag="002">20161230</controlfield><controlfield tag="005">20161230201038</controlfield><controlfield tag="008">060222s1000------------r-----000-0-eng-d</controlfield><datafield ind1=" " ind2=" " tag="245"><subfield code="a">Latarjet r.,</subfield></datafield><datafield ind1=" " ind2=" " tag="260"><subfield code="a">Les Peroxydes Organiques En Radiobiologie</subfield></datafield><datafield ind1=" " ind2=" " tag="490"><subfield code="a">Actions Chimiques Et Biologiques Des Radiations</subfield></datafield><datafield ind1=" " ind2=" " tag="852"><subfield code="a">10336</subfield></datafield></record></collection>